% Thesis Refs
- Article
- Book
- Booklet
- Conference
- Inbook
- Incollection
- Inproceedings
- Manual
- Masterthesis
- Misc
- Phdthesis
- Proceedings
- String
- Techreport
- Unpublished
%
@article{generativAIAtWork,
    title={Generative AI at Work},
    author={Erik Brynjolfsson, Danielle Li, Lindsey R. Raymond},
    year={2023},
    journal={NBER Working Paper Series},
},

@misc{ibmGenerativeAI,
  author = {IBM Research},
  title = {What is Generative AI},
  year = {2023},
  howpublished = {\url{https://research.ibm.com/blog/what-is-generative-AI}},
},

@misc{resGateGenAI,
    author = {Hasan Mahmud, Sadafi Jannat},
    title = {Enhancing User Experience Journey: Simplifying Digital Interactions with Generative AI Integration},
    year = {2023},
    howpublished = {\url{https://www.researchgate.net/publication/373097363_Enhancing_User_Experience_Journey_Simplifying_Digital_Interactions_with_Generative_AI_Integration}},
}

@misc{thinkingAloud,
    author = {Jakob Nielsen},
    title = {Thinking Aloud: The #1 Usability Tool},
    year = {2012},
    howpublished = {\url{https://www.nngroup.com/articles/thinking-aloud-the-1-usability-tool/}}
}